@article{nigam,
  title={Text classification from labeled and unlabeled documents using EM},
  author={Nigam, Kamal and McCallum, Andrew Kachites and Thrun, Sebastian and Mitchell, Tom},
  journal={Machine learning},
  volume={39},
  number={2-3},
  pages={103--134},
  year={2000},
  publisher={Springer}
}

@inproceedings{raina,
  title={Self-taught learning: transfer learning from unlabeled data},
  author={Raina, Rajat and Battle, Alexis and Lee, Honglak and Packer, Benjamin and Ng, Andrew Y},
  booktitle={Proceedings of the 24th international conference on Machine learning},
  pages={759--766},
  year={2007},
  organization={ACM}
}

@incollection{coates,
  title={Learning feature representations with k-means},
  author={Coates, Adam and Ng, Andrew Y},
  booktitle={Neural Networks: Tricks of the Trade},
  pages={561--580},
  year={2012},
  publisher={Springer}
}

@inproceedings{coates11,
  title={An analysis of single-layer networks in unsupervised feature learning},
  author={Coates, Adam and Ng, Andrew Y and Lee, Honglak},
  booktitle={International Conference on Artificial Intelligence and Statistics},
  pages={215--223},
  year={2011}
}

@inproceedings{kriz,
  title={Learning multiple layers of features from tiny images},
  author={A. Krizhevsky},
  booktitle={Technical report},
  pages={},
  year={2009}
}

@inproceedings{hoyer,
  title={Independent component analysis applied to feature extraction from colour and stereo images},
  author={P. O. Hoyer and A. Hyvrinen},
  booktitle={Network (Bristol, England)},
  pages={11(3):191â€“-210},
  year={2000}
}
